@article{al2013comprehensive,
  title={A comprehensive survey on vehicular Ad Hoc network},
  author={Al-Sultan, Saif and others},
  journal={Journal of Net. and Comp. Applications},
  volume={37},
  pages={380--392},
  year={2014}
  publisher={Elsevier}
}

@incollection{libert2012group,
  title={Group signatures with almost-for-free revocation},
  author={Libert, Beno{\^\i}t and others},
  booktitle={Advances in Cryptology},
  pages={571--589},
  year={2012},
  publisher={Springer}
}

@article{ieee11802, 
title={802.11 IEEE standard for information technology-local and metropolitan area networks-specific requirements-part 11: Wireless lan medium access control (MAC) and physical layer (PHY) specifications amendment 6: Wireless access in vehicular environments}, 
author={IEEE Standards Association and others} 
}

@article{lin2007gsis,
  title={GSIS: a secure and privacy-preserving protocol for vehicular communications},
  author={Lin, Xiaodong and others},
  journal={Vehicular Technology, IEEE Trans. on},
  volume={56},
  number={6},
  pages={3442--3456},
  year={2007},
  publisher={IEEE}
}

@article{elliptic-curve,
  title={Elliptic curve cryptography},
  author={Koblitz, Neal},
  journal={Mathematics of Computation},
  volume={48},
  number={177},
  year={1987}
}


@inproceedings{calandriello2007efficient,
  title={Efficient and robust pseudonymous authentication in VANET},
  author={Calandriello, Giorgio and others},
  booktitle={Proc. of the fourth ACM international workshop on Vehicular Ad Hoc Networks},
  pages={19--28},
  year={2007},
  organization={ACM}
}

@article{sun2010efficient,
  title={An efficient pseudonymous authentication scheme with strong privacy preservation for vehicular communications},
  author={Sun, Yipin and others},
  journal={Vehicular Technology, IEEE Trans. on},
  volume={59},
  number={7},
  pages={3589--3603},
  year={2010},
  publisher={IEEE}
}

@article{haas2010impact,
  title={The impact of key assignment on VANET privacy},
  author={Haas, Jason J and others},
  journal={Security and Commun. Networks},
  volume={3},
  number={2-3},
  pages={233--249},
  year={2010},
  publisher={Wiley Online Library}
}

@inproceedings{sybil,
 author = {Douceur, John R.},
 title = {The Sybil Attack},
 booktitle = {Revised Papers from the First International Workshop on Peer-to-Peer Systems},
 year = {2002},
 isbn = {3-540-44179-4},
 pages = {251--260},
 numpages = {10},
 acmid = {687813},
 publisher = {Springer-Verlag},
 address = {London, UK, UK},
} 

@inproceedings{sybil-impact3,
  title={Greedy routing in highway scenarios: The impact of position faking nodes},
  author={Leinm{\"u}ller, Tim and Schoch, Elmar},
  booktitle={Proc. of Workshop On Intelligent Transportation},
  year={2006}
}

@article{sybil-impact2,
  title={Performance Evaluation and Detection of Sybil Attacks in Vehicular Ad-Hoc Networks},
  author={Grover, J. and others},
  journal={Recent Trends in Net. Security and Applications},
  pages={473--482},
  year={2010},
  publisher={Springer}
}

@article{sybil-attack-impact-routing1,
 author = {Shyamala Ramachandran and Valli Shanmugan},
 title = {Impact of Sybil and Wormhole Attacks in Location Based Geographic Multicast Routing Protocol for Wireless Sensor Networks},
 journal = {Journal of Computer Science},
 issue_date = {July 2011},
 volume = {7},
 number = {7},
 year = {2011},
 issn = {1549-3636},
 pages = {973-979},
}

@inproceedings{sybil-survey3,
  title={The sybil attack in sensor networks: analysis \& defenses},
  author={Newsome, J. and others},
  booktitle={Proc. of the 3rd international Symp. on Information Processing in Sensor Net.},
  pages={259--268},
  year={2004},
  organization={ACM}
}

@inproceedings{keys-distro7,
  title={SeGCom: secure group communication in VANETs},
  author={Verma, M. and Huang, D.},
  booktitle={6th IEEE Consumer Commun. and Networking Conf.},
  pages={1--5},
  year={2009},
  month={Jan},
  organization={IEEE}
}

@article{profile-generation1,
  title={Towards Privacy Aware Pseudonymless Strategy for Avoiding Profile Generation in VANET},
  author={Hussain, R. and others},
  journal={Information Security Applications},
  pages={268--280},
  year={2009},
  publisher={Springer}
}

@article{p2dap2,
  title={P2DAP-Sybil Attacks Detection in Vehicular Ad Hoc Networks},
  author={Zhou, T. and others},
  journal={Selected Areas in Commun., IEEE Journal on},
  volume={29},
  number={3},
  pages={582--594},
  year={2011},
  publisher={IEEE}
}

@inproceedings{p2dap,
  title={Privacy-preserving detection of sybil attacks in vehicular ad hoc networks},
  author={Zhou, Tong and others},
  booktitle={Mobile and Ubiquitous Systems: Networking \& Services. Fourth Annual International Conference on},
  pages={1--8},
  year={2007},
  organization={IEEE}
}

@article{sybil-time-space1,
  title={Footprint: Detecting Sybil Attacks in Urban Vehicular Networks},
  author={Chang, Shan and others},
  journal={Parallel and Distributed Systems, IEEE Trans. on},
  volume={23},
  number={6},
  pages={1103--1114},
  year={2012},
  publisher={IEEE}
}


@article{keys-distro2-thesis,
 author = {Wasef, Albert and others},
 title = {Complementing public key infrastructure to secure vehicular ad hoc networks},
 journal = {Wireless Commun.},
 issue_date = {October 2010},
 volume = {17},
 number = {5},
 month = oct,
 year = {2010},
 issn = {1536-1284},
 pages = {22--28},
 numpages = {7},
 acmid = {1921934},
 publisher = {IEEE Press},
 address = {Piscataway, NJ, USA},
} 


@phdthesis{tran2012combating,
  title={Combating Sybil attacks in cooperative systems},
  author={Tran, Nguyen},
  year={2012},
  school={New York University}
}

@inproceedings{sybil-time-space2,
  title={A robust detection of the sybil attack in urban vanets},
  author={Chen, Chen and others},
  booktitle={Distributed Computing Systems Workshops. 29th IEEE International Conf. on},
  pages={270--276},
  year={2009},
  organization={IEEE}
}

@inproceedings{sybil-time-stamp1,
  title={Defense against sybil attack in vehicular ad hoc network based on roadside unit support},
  author={Park, S. and others},
  booktitle={Military Commun. Conf., IEEE},
  pages={1--7},
  year={2009},
  organization={IEEE}
}

@article{reputation-sybil2,
  title={A survey of attack and defense techniques for reputation systems},
  author={Hoffman, Kevin and others},
  journal={ACM Computing Surveys (CSUR)},
  volume={42},
  number={1},
  pages={1},
  year={2009},
  publisher={ACM}
}

@inproceedings{sybil-neighborhood1,
  title={Detecting the sybil attack in mobile ad hoc networks},
  author={Piro, C. and others},
  booktitle={Securecomm and Workshops, 2006},
  pages={1--11},
  year={2006},
  organization={IEEE}
}

@article{sybil-survey2,
  title={Survey of Various Approaches To Countermeasure Sybil Attack},
  author={Kaur, K. and others},
  journal = {International Journal of Computer Science and Informatics},
 issn = {2231-5292},
 volume = {1},
year = {2012},
}

@inproceedings{sybil-neighborhood2,
  title={A sybil attack detection approach using neighboring vehicles in VANET},
  author={Grover, J. and others},
  booktitle={Proc. of the 4th international Conf. on Security of information and networks},
  pages={151--158},
  year={2011},
  organization={ACM}
}

@inproceedings{group-sign, 
title={Group signatures}, 
author={Chaum, D. and Van Heyst, E.}, 
booktitle={Advances in Cryptology}, 
pages={257--265}, 
year={1991}, 
organization={Springer}, 
}


@inproceedings{sybil-neighborhood3,
  title={Cooperative Sybil Attack Detection for Position Based Applications in Privacy Preserved VANETs},
  author={Hao, Yong and others},
  booktitle={Global Telecommun. Conf., IEEE},
  pages={1--5},
  year={2011},
  organization={IEEE}
}

@article{trust,
  title={On trust models and trust evaluation metrics for ad hoc networks},
  author={Theodorakopoulos, George and Baras, John S},
  journal={Selected Areas in Commun., IEEE Journal on},
  volume={24},
  number={2},
  pages={318--328},
  year={2006},
  publisher={IEEE}
}

@INPROCEEDINGS{routing6, 
author={Si-Ho Cha}, 
booktitle={ICT Convergence, 2012 International Conf. on}, 
title={Comparison of greedy routing protocols for vehicular ad hoc networks}, 
year={2012}, 
pages={565-566}
}

@inproceedings{greedy-routing,
  title={GPSR: Greedy perimeter stateless routing for wireless networks},
  author={Karp, Brad and Kung, Hsiang-Tsung},
  booktitle={Proc. of the 6th annual international Conf. on Mobile computing and networking},
  pages={243--254},
  year={2000},
  organization={ACM}
}

@techreport{privacytecterminology1,
    author = {Pfitzmann, Andreas and Hansen, Marit},
    edition = {0.31},
    month = feb,
    title = {{Anonymity, Unlinkability, Undetectability, Unobservability, Pseudonymity, and Identity Management - A Consolidated Proposal for Terminology}},
    year = {2008}
}

@article{k-anonymity,
 author = {Sweeney, Latanya},
 title = {k-anonymity: a model for protecting privacy},
 journal = {Int. J. Uncertain. Fuzziness Knowl.-Based Syst.},
 issue_date = {October 2002},
 volume = {10},
 number = {5},
 year = {2002},
 issn = {0218-4885},
 pages = {557--570},
 numpages = {14},
 publisher = {World Scientific Publishing Co., Inc.},
} 

@article{sommer2011traffic,
  title={Traffic information systems: efficient message dissemination via adaptive beaconing},
  author={Sommer, Christoph and others},
  journal={Commun. Magazine, IEEE},
  volume={49},
  number={5},
  pages={173--179},
  year={2011},
  publisher={IEEE}
}

@article{riley2011survey,
  title={A survey of authentication schemes for vehicular ad hoc networks},
  author={Riley, Marshall and others},
  journal={Security and Commun. Networks},
  volume={4},
  number={10},
  pages={1137--1152},
  year={2011},
  publisher={Wiley Online Library}
}

@inproceedings{keys-distro8,
  title={A Framework Using IBC Achieving Non-Repudiation and Privacy in Vehicular Network},
  author={Bradai, Amira and Afifi, Hossam},
  booktitle={Conf. on Network and Information Systems Security},
  pages={1--6},
  year={2011},
  organization={IEEE}
}

@article{lu2012pseudonym,
  title={Pseudonym changing at social spots: An effective strategy for location privacy in vanets},
  author={Lu, Rongxing and others},
  journal={Vehicular Technology, IEEE Trans. on},
  volume={61},
  number={1},
  pages={86--96},
  year={2012},
  publisher={IEEE}
}


@inproceedings{mix-zone-vanets,
  title={Mix-zones for location privacy in vehicular networks},
  author={Freudiger, Julien and others},
  booktitle={Proc. of the first international workshop on wireless networking for intelligent transportation systems},
  year={2007}
}

@incollection{buttyan2007effectiveness,
  title={On the effectiveness of changing pseudonyms to provide location privacy in VANETs},
  author={Butty{\'a}n, Levente and others},
  booktitle={Security and Privacy in Ad-hoc and Sensor Networks},
  pages={129--141},
  year={2007},
  publisher={Springer}
}

@INPROCEEDINGS{caravan,
    author = {Krishna Sampigethaya and others},
    title = {Caravan: Providing location privacy for vanet},
    booktitle = {in Embedded Security in Cars},
    year = {2005}
}

@inproceedings{buttyan2009slow,
  title={Slow: A practical pseudonym changing scheme for location privacy in vanets},
  author={Butty{\'a}n, Levente and others},
  booktitle={Vehicular Networking Conf.},
  pages={1--8},
  year={2009},
  month={Oct},
  organization={IEEE}
}

@ARTICLE{mix-zone-motion, 
author={Suguo Du and others}, 
journal={Vehicular Technology, IEEE Trans. on}, 
title={MixZone in Motion: Achieving Dynamically Cooperative Location Privacy Protection in Delay-Tolerant Networks}, 
year={2013}, 
volume={62}, 
number={9}, 
pages={4565-4575},  
ISSN={0018-9545},}

@article{keys-distro4,
 author = {Hao, Yong and others},
 title = {A Distributed Key Management Framework with Cooperative Message Authentication in VANETs},
 journal = {IEEE J.Sel. A. Commun.},
 volume = {29},
 number = {3},
 year = {2011},
 issn = {0733-8716},
 pages = {616--629},
 numpages = {14},
 publisher = {IEEE Press},
 address = {Piscataway, NJ, USA}
}

@incollection{gillani2013survey,
  title={A Survey on Security in Vehicular Ad Hoc Networks},
  author={Gillani, Saira and others},
  booktitle={Commun. Technologies for Vehicles},
  pages={59--74},
  year={2013},
  publisher={Springer}
}

@book{xiao2007security,
  title={Security in Distributed, Grid, Mobile, and Pervasive Computing},
  author={Xiao, Y.},
  isbn={9780849379253},
  lccn={2006033967},
  year={2007},
  publisher={Taylor \& Francis}
}

@article{authentication-id-based1,
  title={An identity-based security system for user privacy in vehicular ad hoc networks},
  author={Sun, Jinyuan and others},
  journal={Parallel and Distributed Systems, IEEE Trans. on},
  volume={21},
  number={9},
  pages={1227--1239},
  year={2010},
  publisher={IEEE}
}

@article{rsu-placement1,
  title={A Cost-Effective Strategy for Road-Side Unit Placement in Vehicular Networks},
  author={Wu, T.J. and others},
  journal={IEEE Trans. on Commun.},
  volume={60},
  number={8},
  pages={2295--2303},
  year={2012},
  publisher={IEEE}
}

@article{mix-zone,
  title={Location privacy in pervasive computing},
  author={Beresford, Alastair R and Stajano, Frank},
  journal={Pervasive Computing, IEEE},
  volume={2},
  number={1},
  pages={46--55},
  year={2003},
  publisher={IEEE}
}


@inproceedings{replay-attack,
  title={A taxonomy of replay attacks [cryptographic protocols]},
  author={Syverson, Paul},
  booktitle={Computer Security Foundations Workshop VII, Proc.},
  pages={187--191},
  year={1994},
  organization={IEEE}
}

@inproceedings{schneider1996security,
  title={Security properties and CSP},
  author={Schneider, Steve},
  booktitle={Security and Privacy, IEEE Symposium on},
  pages={174--187},
  year={1996},
  organization={IEEE}
}

@article{schneider1998verifying,
  title={Verifying authentication protocols in CSP},
  author={Schneider, Steve},
  journal={Software Engineering, IEEE Trans. on},
  volume={24},
  number={9},
  pages={741--758},
  year={1998},
  publisher={IEEE}
}

@article{shannon,
  title={A mathematical theory of communication},
  author={Shannon, Claude Elwood},
  journal={Mobile Computing and Commun. Review},
  volume={5},
  number={1},
  pages={3--55},
  year={2001},
  publisher={ACM}
}

@inproceedings{diaz2002information,
  title={Information theory and anonymity},
  author={D{\i}az, Claudia and others},
  booktitle={Proc. of the 23rd Symposium on Information Theory in the Benelux},
  pages={179--186},
  year={2002}
}

@article{Dai201372,
author = "Jianhua Dai and Haowei Tian",
title = "Entropy measures and granularity measures for set-valued information systems ",
journal = "Information Sciences ",
volume = "240",
number = "0",
pages = "72 - 82",
year = "2013",
issn = "0020-0255"
}

@article{Lim201394,
title = "Energy-aware optimal cache consistency level for mobile devices",
journal = "Information Sciences ",
volume = "230",
number = "0",
pages = "94 - 105",
year = "2013",
note = "Mobile and Internet Services in Ubiquitous and Pervasive Computing Environments ",
issn = "0020-0255",
author = "Sung-Hwa Lim and others"
}

@article{MolinaGil2014172,
title = "Aggregation and probabilistic verification for data authentication in \{VANETs\} ",
journal = "Information Sciences ",
volume = "262",
number = "0",
pages = "172 - 189",
year = "2014",
note = "",
issn = "0020-0255",
author = "Jezabel Molina-Gil and others"
}

@article{wu2010balanced,
  title={Balanced trustworthiness, safety, and privacy in vehicle-to-vehicle communications},
  author={Wu, Qianhong and others},
  journal={Vehicular Technology, IEEE Trans. on},
  volume={59},
  number={2},
  pages={559--573},
  year={2010},
  publisher={IEEE}
}

@inproceedings{diaz2002information,
  title={Information theory and anonymity},
  author={D{\i}az, Claudia and others},
  booktitle={Proc. of the 23rd Symposium on Information Theory in the Benelux},
  pages={179--186},
  year={2002}

@inproceedings{routing8,
 author = {Wu, Hao and others},
 title = {MDDV: a mobility-centric data dissemination algorithm for vehicular networks},
 booktitle = {Proc. of the 1st ACM international workshop on Vehicular ad hoc networks},
 series = {VANET '04},
 year = {2004},
 isbn = {1-58113-922-5},
 location = {Philadelphia, PA, USA},
 pages = {47--56},
 numpages = {10},
 acmid = {1023884},
 publisher = {ACM},
 address = {New York, NY, USA}
}

@ARTICLE{platoon1, 
author={Zhang, Y. and Guohong Cao}, 
journal={Vehicular Technology, IEEE Transactions on}, 
title={V-PADA: Vehicle-Platoon-Aware Data Access in VANETs}, 
year={2011}, 
volume={60}, 
number={5}, 
pages={2326-2339},  
ISSN={0018-9545},}

@article{keys-distro1,
 author = {Raya, Maxim and Hubaux, Jean-Pierre},
 title = {Securing vehicular ad hoc networks},
 journal = {Journal of Computer Security},
 volume = {15},
 number = {1},
 year = {2007},
 issn = {0926-227X},
 pages = {39--68},
 publisher = {IOS Press},
 keywords = {Vehicular ad hoc networks, security, wireless},
} 
